<record><leader>00000cas a22000007a 4500</leader><controlfield tag="001">10739925</controlfield><controlfield tag="008">840516d18651884scuwr ne      0   a0eng d</controlfield><datafield ind1=" " ind2=" " tag="010"><subfield code="a">sn 84026909 </subfield></datafield><datafield ind1=" " ind2=" " tag="040"><subfield code="a">NPU</subfield><subfield code="b">eng</subfield><subfield code="c">NPU</subfield><subfield code="d">NPX</subfield><subfield code="d">SVN</subfield><subfield code="d">MGN</subfield><subfield code="d">OCLCQ</subfield><subfield code="d">TGN</subfield><subfield code="d">DLC</subfield><subfield code="d">OCLCF</subfield><subfield code="d">DLC</subfield></datafield><datafield ind1="0" ind2=" " tag="022"><subfield code="a">2333-1925</subfield><subfield code="2">1</subfield></datafield><datafield ind1=" " ind2=" " tag="042"><subfield code="a">msc</subfield><subfield code="a">nsdp</subfield></datafield><datafield ind1=" " ind2=" " tag="043"><subfield code="a">n-us-sc</subfield></datafield><datafield ind1="0" ind2="0" tag="050"><subfield code="a">Newspaper</subfield></datafield><datafield ind1="0" ind2="0" tag="082"><subfield code="a">071</subfield><subfield code="2">23</subfield></datafield><datafield ind1=" " ind2="4" tag="222"><subfield code="a">The Newberry herald</subfield><subfield code="b">(Print)</subfield></datafield><datafield ind1="0" ind2="4" tag="245"><subfield code="a">The Newberry herald.</subfield></datafield><datafield ind1=" " ind2=" " tag="260"><subfield code="a">Newberry, S.C. :</subfield><subfield code="b">Thomas F. and R.H. Greneker,</subfield><subfield code="c">1865-1884.</subfield></datafield><datafield ind1=" " ind2=" " tag="300"><subfield code="a">20 v. ;</subfield><subfield code="c">61 cm.</subfield></datafield><datafield ind1=" " ind2=" " tag="310"><subfield code="a">Weekly</subfield></datafield><datafield ind1="0" ind2=" " tag="362"><subfield code="a">Vol. 1, no. 36 (Aug. 30, 1865)-v. 20, no. 34 (Aug. 21, 1884).</subfield></datafield><datafield ind1=" " ind2=" " tag="525"><subfield code="a">Issue for Dec. 5, 1877 accompanied by supplement with title: Newberry herald advertiser.</subfield></datafield><datafield ind1=" " ind2=" " tag="530"><subfield code="a">Archived issues are available in digital format as part of the Library of Congress Chronicling America online collection.</subfield></datafield><datafield ind1=" " ind2="0" tag="651"><subfield code="a">Newberry (S.C.)</subfield><subfield code="v">Newspapers.</subfield></datafield><datafield ind1=" " ind2="0" tag="651"><subfield code="a">Newberry County (S.C.)</subfield><subfield code="v">Newspapers.</subfield></datafield><datafield ind1=" " ind2="7" tag="651"><subfield code="a">South Carolina</subfield><subfield code="z">Newberry.</subfield><subfield code="2">fast</subfield><subfield code="0">(OCoLC)fst01208076</subfield></datafield><datafield ind1=" " ind2="7" tag="651"><subfield code="a">South Carolina</subfield><subfield code="z">Newberry County.</subfield><subfield code="2">fast</subfield><subfield code="0">(OCoLC)fst01208075</subfield></datafield><datafield ind1=" " ind2="7" tag="655"><subfield code="a">Newspapers.</subfield><subfield code="2">fast</subfield><subfield code="0">(OCoLC)fst01423814</subfield></datafield><datafield ind1="0" ind2="2" tag="740"><subfield code="a">Newberry herald advertiser</subfield></datafield><datafield ind1=" " ind2=" " tag="752"><subfield code="a">United States</subfield><subfield code="b">South Carolina</subfield><subfield code="c">Newberry</subfield><subfield code="d">Newberry.</subfield></datafield><datafield ind1="0" ind2="8" tag="776"><subfield code="i">Online version:</subfield><subfield code="t">Newberry herald (Online)</subfield><subfield code="x">2333-1933</subfield><subfield code="w">(DLC)  2014218213</subfield><subfield code="w">(OCoLC)862979134</subfield></datafield><datafield ind1="0" ind2="0" tag="780"><subfield code="t">Newberry weekly herald</subfield><subfield code="x">2333-1887</subfield><subfield code="w">(DLC)  2012218730</subfield><subfield code="w">(OCoLC)798945013</subfield></datafield><datafield ind1="0" ind2="7" tag="785"><subfield code="t">Newberry news</subfield><subfield code="w">(DLC)sn 92065592</subfield><subfield code="w">(OCoLC)26368853</subfield></datafield><datafield ind1="0" ind2="7" tag="785"><subfield code="t">Newberry herald and news</subfield><subfield code="x">2333-2905</subfield><subfield code="w">(DLC)sn 93067777</subfield><subfield code="w">(OCoLC)28235113</subfield></datafield><datafield ind1="4" ind2="1" tag="856"><subfield code="u">http://www.loc.gov/chroniclingamerica/lccn/sn84026909/issues</subfield></datafield><datafield ind1="1" ind2=" " tag="029"><subfield code="a">AU@</subfield><subfield code="b">000024694139</subfield></datafield></record>